@book{textbook,
    author = {Erickson, Jeff},
    title = {Algorithms},
    publisher = {Independently published open access},
    year = {2019},
    month = {June}
}
